@article{bayat2014study,
  title={A study on human activity recognition using accelerometer data from smartphones},
  author={Bayat, Akram and Pomplun, Marc and Tran, Duc A},
  journal={Procedia Computer Science},
  volume={34},
  pages={450--457},
  year={2014},
  publisher={Elsevier}
}

@inproceedings{widhalm2012transport,
  title={Transport mode detection with realistic smartphone sensor data},
  author={Widhalm, Peter and Nitsche, Philippe and Br{\"a}ndie, Norbert},
  booktitle={Pattern Recognition (ICPR), 2012 21st International Conference on},
  pages={573--576},
  year={2012},
  organization={IEEE}
}

@inproceedings{reddy2008determining,
  title={Determining transportation mode on mobile phones},
  author={Reddy, Sasank and Burke, Jeff and Estrin, Deborah and Hansen, Mark and Srivastava, Mani},
  booktitle={2008 12th IEEE International Symposium on Wearable Computers},
  pages={25--28},
  year={2008},
  organization={IEEE}
}

@article{wang2010accelerometer,
  title={Accelerometer Based Transportation Mode Recognition on Mobile Phones.},
  author={Wang, Shuangquan and Chen, Canfeng and Ma, Jian},
  journal={APWCS},
  volume={2010},
  pages={44--46},
  year={2010}
}

@inproceedings{sokun2012classification,
  title={Classification of physical activities using accelerometer signals},
  author={S{\"o}k{\"u}n, Hakan and Kalkan, Habil and Ceti{\c{s}}li, Bayram},
  booktitle={2012 20th Signal Processing and Communications Applications Conference (SIU)},
  pages={1--4},
  year={2012},
  organization={IEEE}
}

@article{feng2013transportation,
  title={Transportation mode recognition using GPS and accelerometer data},
  author={Feng, Tao and Timmermans, Harry JP},
  journal={Transportation Research Part C: Emerging Technologies},
  volume={37},
  pages={118--130},
  year={2013},
  publisher={Elsevier}
}

@inproceedings{stenneth2011transportation,
  title={Transportation mode detection using mobile phones and GIS information},
  author={Stenneth, Leon and Wolfson, Ouri and Yu, Philip S and Xu, Bo},
  booktitle={Proceedings of the 19th ACM SIGSPATIAL International Conference on Advances in Geographic Information Systems},
  pages={54--63},
  year={2011},
  organization={ACM}
}